@article{albert2021gas,
  author    = {Elvira Albert and Jes{\'u}s Correas and Pablo Gordillo and Neville Grech and Matteo Zanella},
  title     = {{Gas-aware Smart Contract Analysis}},
  journal   = {Journal of Systems and Software},
  volume    = {178},
  year      = {2021},
  pages     = {110967},
  doi       = {10.1016/j.jss.2021.110967}
}

@article{almeida2007compositional,
  author    = {Jos{\'e} Bacelar Almeida and Manuel J. Frade and Jorge Sousa Pinto and Sim{\~a}o Melo de Sousa},
  title     = {{Compositional Verification of Security Protocols}},
  journal   = {Formal Aspects of Computing},
  volume    = {19},
  number    = {2},
  pages     = {217--250},
  year      = {2007},
  doi       = {10.1007/s00165-006-0010-0}
}

@article{alpern1985defining,
  author  = {Bowen Alpern and Fred B. Schneider},
  title   = {{Defining Liveness}},
  journal = {Information Processing Letters},
  volume  = {21},
  number  = {4},
  year    = {1985},
  pages   = {181--185},
  doi     = {10.1016/0020-0190(85)90056-0}
}

@inproceedings{amani2018towards,
  author    = {Siavash Amani and Lindsay Brent and Aquinas de Amorim and David Hine and Ondrej Kuncar and Thomas Tuong},
  title     = {{Towards Verifying Ethereum Smart Contract Bytecode in Isabelle/HOL}},
  booktitle = {Proceedings of the 7th ACM SIGPLAN International Conference on Certified Programs and Proofs},
  series    = {CPP 2018},
  year      = {2018},
  pages     = {71--84},
  publisher = {ACM},
  doi       = {10.1145/3167080}
}

@inproceedings{atzei2017survey,
  author    = {Nicola Atzei and Massimo Bartoletti and Tiziana Cimoli},
  title     = {{A Survey of Attacks on Ethereum Smart Contracts (SoK)}},
  booktitle = {Principles of Security and Trust (POST)},
  series    = {Lecture Notes in Computer Science},
  volume    = {10204},
  pages     = {164--186},
  year      = {2017},
  publisher = {Springer},
  doi       = {10.1007/978-3-662-54455-6_8}
}

@inproceedings{audemard2021certified,
  author    = {Gilles Audemard and Bruno Dutertre},
  title     = {{Certified Verification of Integer Arithmetic}},
  booktitle = {International Conference on Tools and Algorithms for the Construction and Analysis of Systems (TACAS)},
  series    = {Lecture Notes in Computer Science},
  volume    = {12652},
  pages     = {22--38},
  year      = {2021},
  publisher = {Springer},
  doi       = {10.1007/978-3-030-72013-1_2}
}

@book{baier2008principles,
  author    = {Christel Baier and Joost-Pieter Katoen},
  title     = {{Principles of Model Checking}},
  publisher = {The MIT Press},
  year      = {2008}
}

@inproceedings{bhargavan2016formal,
  author    = {Karthikeyan Bhargavan and Antoine Delignat-Lavaud and C{\'e}dric Fournet and Anitha Gollamudi and Georges Gonthier and Nadim Kobeissi and Aseem Rastogi and Thomas Sibut-Pinote and Nikhil Swamy and Santiago Zanella-B{\'e}guelin},
  title     = {{Formal Verification of Smart Contracts: Short Paper}},
  booktitle = {Proceedings of the 2016 ACM Workshop on Programming Languages and Analysis for Security (PLAS)},
  pages     = {91--96},
  year      = {2016},
  publisher = {ACM},
  doi       = {10.1145/2993600.2993611}
}

@inproceedings{bjorner2012calculus,
  author    = {Nikolaj Bj{\o}rner and Leonardo de Moura and Lev Nachmanson},
  title     = {{The Calculus of Data Structures in Z3}},
  booktitle = {Proceedings of the 24th International Conference on Computer Aided Verification (CAV)},
  series    = {Lecture Notes in Computer Science},
  volume    = {7358},
  year      = {2012},
  publisher = {Springer},
  pages     = {177--192},
  doi       = {10.1007/978-3-642-31424-7_17}
}

@inproceedings{borkowski2006formal,
  author    = {Marek Borkowski and Ma{\l}gorzata Sidorowicz and Andrzej Sza{\l}as},
  title     = {{A Formal Methodology for Proving Security of Financial Systems}},
  booktitle = {International Conference on Formal Methods and Software Engineering (ICFEM)},
  series    = {Lecture Notes in Computer Science},
  volume    = {4260},
  pages     = {409--424},
  year      = {2006},
  publisher = {Springer},
  doi       = {10.1007/11901433_27}
}

@inproceedings{chen2021compositional,
  author    = {Jianan Chen and Ronghui Gu and J{\'e}r{\'e}mie Vautard},
  title     = {{Compositional Verification of Smart Contracts with Objects and Callbacks}},
  booktitle = {Proceedings of the 42nd ACM SIGPLAN Conference on Programming Language Design and Implementation (PLDI)},
  pages     = {883--898},
  year      = {2021},
  publisher = {ACM},
  doi       = {10.1145/3453483.3454086}
}

@article{clarke1996formal,
  author    = {Edmund M. Clarke and Jeannette M. Wing},
  title     = {{Formal Methods: State of the Art and Future Directions}},
  journal   = {ACM Computing Surveys (CSUR)},
  volume    = {28},
  number    = {4},
  pages     = {626--643},
  year      = {1996},
  doi       = {10.1145/242223.242257}
}

@inproceedings{cohen2017certified,
  author    = {Lior Cohen and Joseph Eremondi and Mooly Sagiv and James R. Wilcox},
  title     = {{Certified Reasoning about Contract Updates}},
  booktitle = {Proceedings of the 2017 ACM SIGPLAN International Conference on Object-Oriented Programming, Systems, Languages, and Applications (OOPSLA)},
  pages     = {1--28},
  year      = {2017},
  publisher = {ACM},
  doi       = {10.1145/3133884}
}

@inproceedings{demoura2008z3,
  author    = {Leonardo de Moura and Nikolaj Bj{\o}rner},
  title     = {{Z3: An Efficient SMT Solver}},
  booktitle = {Tools and Algorithms for the Construction and Analysis of Systems (TACAS)},
  series    = {Lecture Notes in Computer Science},
  volume    = {4963},
  pages     = {337--340},
  year      = {2008},
  publisher = {Springer},
  doi       = {10.1007/978-3-540-78800-3_24}
}

@incollection{dijkstra1972notes,
  author    = {Edsger W. Dijkstra},
  title     = {{Notes on Structured Programming}},
  booktitle = {Structured Programming},
  publisher = {Academic Press},
  year      = {1972},
  pages     = {1--82}
}

@inproceedings{grishchenko2018semantic,
  author    = {Illya Grishchenko and Matteo Maffei and Clara Schneidewind},
  title     = {{A Semantic Framework for the Security Analysis of Ethereum Smart Contracts}},
  booktitle = {Principles of Security and Trust (POST)},
  series    = {Lecture Notes in Computer Science},
  volume    = {10804},
  pages     = {243--269},
  year      = {2018},
  publisher = {Springer},
  doi       = {10.1007/978-3-319-89722-6_9}
}

@inproceedings{gu2016certikos,
  author    = {Ronghui Gu and Zhaozhong Zhong and Tahina Chen and Lionel David and Vilhelm Feng and Corina S. Pasareanu and Willem Visser},
  title     = {{CertiKOS: A Formally Verified OS Kernel}},
  booktitle = {12th USENIX Symposium on Operating Systems Design and Implementation (OSDI 16)},
  year      = {2016},
  pages     = {635--651},
  publisher = {{USENIX} Association}
}

@article{hales2008formal,
  author  = {Thomas C. Hales},
  title   = {{Formal Proof}},
  journal = {Notices of the American Mathematical Society},
  volume  = {55},
  number  = {11},
  pages   = {1370--1379},
  year    = {2008}
}

@inproceedings{hirai2017defining,
  author    = {Yoichi Hirai},
  title     = {{Defining the Ethereum Virtual Machine for Interactive Theorem Provers}},
  booktitle = {Financial Cryptography and Data Security (FC)},
  series    = {Lecture Notes in Computer Science},
  volume    = {10323},
  pages     = {520--535},
  year      = {2017},
  publisher = {Springer},
  doi       = {10.1007/978-3-319-70278-0_33}
}

@book{huth2004logic,
  author    = {Michael Huth and Mark Ryan},
  title     = {{Logic in Computer Science: Modelling and Reasoning about Systems}},
  publisher = {Cambridge University Press},
  year      = {2004},
  edition   = {2nd}
}

@inproceedings{jones1983specification,
  author    = {Cliff B. Jones},
  title     = {{Specification and Design of (Parallel) Programs}},
  booktitle = {Information Processing 83},
  year      = {1983},
  publisher = {Elsevier},
  pages     = {321--332}
}

@article{jovanovic2021foundations,
  author        = {Petar Jovanovic},
  title         = {{Foundations and Practice of Formal Verification of Smart Contracts}},
  journal       = {arXiv preprint},
  year          = {2021},
  eprint        = {2102.04323},
  archivePrefix = {arXiv},
  primaryClass  = {cs.PL}
}

@book{knuth1997art,
  author    = {Donald E. Knuth},
  title     = {{The Art of Computer Programming, Volume 2: Seminumerical Algorithms}},
  publisher = {Addison-Wesley Professional},
  year      = {1997},
  edition   = {3rd}
}

@book{kroening2016decision,
  author    = {Daniel Kroening and Ofer Strichman},
  title     = {{Decision Procedures: An Algorithmic Point of View}},
  publisher = {Springer},
  year      = {2016},
  edition   = {2nd}
}

@inproceedings{leino2010dafny,
  author    = {K. Rustan M. Leino},
  title     = {{Dafny: An Automatic Program Verifier for Functional Correctness}},
  booktitle = {Logic for Programming, Artificial Intelligence, and Reasoning (LPAR-16)},
  series    = {Lecture Notes in Computer Science},
  volume    = {6355},
  pages     = {348--370},
  year      = {2010},
  publisher = {Springer},
  doi       = {10.1007/978-3-642-16242-8_25}
}

@article{leino2017tutorial,
  author    = {K. Rustan M. Leino and Rosemary Monahan},
  title     = {{A Tutorial on the Verifying Compiler Pattern}},
  journal   = {Formal Aspects of Computing},
  volume    = {29},
  number    = {4},
  pages     = {563--583},
  year      = {2017},
  doi       = {10.1007/s00165-016-0402-1}
}

@inproceedings{luu2016making,
  author    = {Loi Luu and Duc-Hiep Chu and Hrishi Olickel and Prateek Saxena and Aquinas Hobor},
  title     = {{Making Smart Contracts Smarter}},
  booktitle = {Proceedings of the 2016 ACM SIGSAC Conference on Computer and Communications Security (CCS)},
  pages     = {254--269},
  year      = {2016},
  publisher = {ACM},
  doi       = {10.1145/2976749.2978309}
}

@article{monniaux2008pitfalls,
  author    = {David Monniaux},
  title     = {{The Pitfalls of Verifying Floating-Point Computations}},
  journal   = {ACM Transactions on Programming Languages and Systems (TOPLAS)},
  volume    = {30},
  number    = {3},
  pages     = {1--41},
  year      = {2008},
  doi       = {10.1145/1353445.1353446}
}

@book{pierce2002types,
  author    = {Benjamin C. Pierce},
  title     = {{Types and Programming Languages}},
  publisher = {The MIT Press},
  year      = {2002}
}

@article{shankar2009automated,
  author  = {Natarajan Shankar},
  title   = {{Automated Deduction for Verification}},
  journal = {ACM Computing Surveys (CSUR)},
  volume  = {41},
  number  = {4},
  year    = {2009},
  pages   = {22:1--22:56},
  doi     = {10.1145/1592434.1592437}
}

@inproceedings{weir2018formal,
  author    = {Charles E. Weir and Muffy Calder},
  title     = {{A Formal Model and Analysis of the DAO Exploit}},
  booktitle = {International Conference on Formal Engineering Methods (ICFEM)},
  series    = {Lecture Notes in Computer Science},
  volume    = {11232},
  pages     = {446--462},
  year      = {2018},
  publisher = {Springer},
  doi       = {10.1007/978-3-030-02441-4_28}
}

@article{woodcock2009formal,
  author    = {Jim Woodcock and Peter Gorm Larsen and Juan Bicarregui and John Fitzgerald},
  title     = {{Formal Methods: Practice and Experience}},
  journal   = {ACM Computing Surveys (CSUR)},
  volume    = {41},
  number    = {4},
  pages     = {1--36},
  year      = {2009},
  doi       = {10.1145/1592434.1592436}
}

@inproceedings{zhang2016town,
  author    = {Fan Zhang and Ethan Cecchetti and Kyle Croman and Ari Juels and Elaine Shi},
  title     = {{Town Crier: An Authenticated Data Feed for Smart Contracts}},
  booktitle = {Proceedings of the 2016 ACM SIGSAC Conference on Computer and Communications Security},
  year      = {2016},
  pages     = {270--282},
  publisher = {ACM},
  doi       = {10.1145/2976749.2978326}
}